@article{barabesi2011sampling,
  title={Sampling Properties of Spatial Total Estimators Under Tessellation Stratified Designs},
  author={Barabesi, L and Franceschi, S},
  journal={Environmetrics},
  volume={22},
  number={3},
  pages={271--278},
  year={2011},
  publisher={Wiley Online Library}
}

@article{benedetti2017spatially,
  title={A Spatially Balanced Design with Probability Function Proportional to the Within Sample Distance},
  author={Benedetti, Roberto and Piersimoni, Federica},
  journal={Biometrical Journal},
  volume={59},
  number={5},
  pages={1067--1084},
  year={2017},
  publisher={Wiley Online Library}
}

@article{benedetti2017spatiallyreview,
  title={Spatially Balanced Sampling: A Review and a Reappraisal},
  author={Benedetti, Roberto and Piersimoni, Federica and Postiglione, Paolo},
  journal={International Statistical Review},
  volume={85},
  number={3},
  pages={439--454},
  year={2017},
  publisher={Wiley Online Library}
}

@book{brewer2002combined,
  title={Combined Survey Sampling Inference: Weighing Basu's Elephants},
  author={Brewer, KRW},
  year={2002},
  publisher={Oxford University Press}
}

@article{brus1993design,
  title={Design-Based Versus Model-Based Estimates of Spatial Means: Theory and Application in Environmental Soil Science},
  author={Brus, Dick J and DeGruijter, Jaap J},
  journal={Environmetrics},
  volume={4},
  number={2},
  pages={123--152},
  year={1993},
  publisher={Wiley Online Library}
}

@article{brus2021statistical,
  title={Statistical Approaches for Spatial Sample Survey: Persistent Misconceptions and New Developments},
  author={Brus, Dick J},
  journal={European Journal of Soil Science},
  volume={72},
  number={2},
  pages={686--703},
  year={2021},
  publisher={Wiley Online Library}
}

@article{cordy1993extension,
  title={An Extension of the Horvitzâ€”Thompson Theorem to Point Sampling from a Continuous Universe},
  author={Cordy, Clifford B},
  journal={Statistics \& Probability Letters},
  volume={18},
  number={5},
  pages={353--362},
  year={1993},
  publisher={Elsevier}
}

@book{cressie1993statistics,
  title={Statistics for Spatial Data},
  author={Cressie, Noel},
  year={1993},
  publisher={John Wiley \& Sons}
}

@article{foster2017spatially,
  title={Spatially Balanced Designs that Incorporate Legacy Sites},
  author={Foster, Scott D and Hosack, Geoffrey R and Lawrence, Emma and Przeslawski, Rachel and Hedge, Paul and Caley, M Julian and Barrett, Neville S and Williams, Alan and Li, Jin and Lynch, Tim and others},
  journal={Methods in Ecology and Evolution},
  volume={8},
  number={11},
  pages={1433--1442},
  year={2017},
  publisher={Wiley Online Library}
}

@article{foster2020spatially,
  title={Spatially balanced designs for transect-based surveys},
  author={Foster, Scott D and Hosack, Geoffrey R and Monk, Jacquomo and Lawrence, Emma and Barrett, Neville S and Williams, Alan and Przeslawski, Rachel},
  journal={Methods in Ecology and Evolution},
  volume={11},
  number={1},
  pages={95--105},
  year={2020},
  publisher={Wiley Online Library}
}

@article{foster2021mbhdesign,
  title={MBHdesign: an R-package for efficient spatial survey designs},
  author={Foster, Scott D},
  journal={Methods in Ecology and Evolution},
  volume={12},
  number={3},
  pages={415--420},
  year={2021},
  publisher={Wiley Online Library}
}

@book{gilbert1987statistical,
  title={Statistical Methods for Environmental Pollution Monitoring},
  author={Gilbert, Richard O},
  year={1987},
  publisher={John Wiley \& Sons}
}

@article{grafstrom2012spatially,
  title={Spatially Balanced Sampling Through the Pivotal Method},
  author={Grafstr{\"o}m, Anton and Lundstr{\"o}m, Niklas LP and Schelin, Lina},
  journal={Biometrics},
  volume={68},
  number={2},
  pages={514--520},
  year={2012},
  publisher={Wiley Online Library}
}

@article{grafstrom2012spatiallypoisson,
  title={Spatially Correlated Poisson Sampling},
  author={Grafstr{\"o}m, Anton},
  journal={Journal of Statistical Planning and Inference},
  volume={142},
  number={1},
  pages={139--147},
  year={2012},
  publisher={Elsevier}
}

@article{grafstrom2013well,
  title={Why Well Spread Probability Samples are Balanced},
  author={Grafstr{\"o}m, Anton and Lundstr{\"o}m, Niklas LP},
  journal={Open Journal of Statistics},
  volume={3},
  number={1},
  pages={36--41},
  year={2013},
  publisher={Scientific Research Publishing}
}

@article{grafstrom2018spatially,
  title={Spatially Balanced Sampling of Continuous Populations},
  author={Grafstr{\"o}m, Anton and Matei, Alina},
  journal={Scandinavian Journal of Statistics},
  volume={45},
  number={3},
  pages={792--805},
  year={2018},
  publisher={Wiley Online Library}
}

@Manual{grafstrom2019BalancedSampling,
  title = {\pkg{BalancedSampling}: Balanced and Spatially Balanced Sampling},
  author = {Anton Grafstr{\"o}m and Jonathan Lisic},
  year = {2019},
  note = {\proglang{R} package version 1.5.5},
  url = {https://CRAN.R-project.org/package=BalancedSampling},
}


@article{hartley1962sampling,
  title={Sampling with Unequal Probabilities and Without Replacement},
  author={Hartley, HO and Rao, JNK},
  journal={The Annals of Mathematical Statistics},
  volume={33},
  number={2},
  pages={350--374},
  year={1962},
  publisher={Institute of Mathematical Statistics}
}

@article{horvitz1952generalization,
  title={A Generalization of Sampling Without Replacement From a Finite Universe},
  author={Horvitz, Daniel G and Thompson, Donovan J},
  journal={Journal of the American Statistical Association},
  volume={47},
  number={260},
  pages={663--685},
  year={1952},
  publisher={Taylor \& Francis Group}
}

@article{kruskal1979representativea,
  title={Representative Sampling, I: Non-Scientific Literature},
  author={Kruskal, William and Mosteller, Frederick},
  journal={International Statistical Review/Revue Internationale de Statistique},
  pages={13--24},
  year={1979},
  publisher={JSTOR}
}

@article{kruskal1979representativeb,
  title={Representative Sampling, II: Scientific Literature, Excluding Statistics},
  author={Kruskal, William and Mosteller, Frederick},
  journal={International Statistical Review/Revue Internationale de Statistique},
  pages={111--127},
  year={1979},
  publisher={JSTOR}
}

@article{kruskal1979representativec,
  title={Representative Sampling, III: The Current Statistical Literature},
  author={Kruskal, William and Mosteller, Frederick},
  journal={International Statistical Review/Revue Internationale de Statistique},
  pages={245--265},
  year={1979},
  publisher={JSTOR}
}

@book{lachin2009biostatistical,
  title={Biostatistical Methods: The Assessment of Relative Risks},
  author={Lachin, John M},
  volume={509},
  year={2009},
  publisher={John Wiley \& Sons}
}

@book{lohr2009sampling,
  title={Sampling: Design and Analysis},
  author={Lohr, Sharon L},
  year={2009},
  publisher={Nelson Education}
}

@Manual{lumley2020survey,
  title = {\pkg{survey}: Analysis of Complex Survey Samples},
  author = {Thomas Lumley},
  year = {2020},
  note = {\proglang{R} package version 4.0},
  url = {https://CRAN.R-project.org/package=survey},
}

@Manual{mcdonald2020SDraw,
  title = {\pkg{SDraw}: Spatially Balanced Samples of Spatial Objects},
  author = {Trent McDonald and Aidan McDonald},
  year = {2020},
  note = {\proglang{R} package version 2.1.13},
  url = {https://CRAN.R-project.org/package=SDraw},
}

@article{olea1984sampling,
  title={Sampling Design Optimization for Spatial Functions},
  author={Olea, Ricardo A},
  journal={Journal of the International Association for Mathematical Geology},
  volume={16},
  number={4},
  pages={369--392},
  year={1984},
  publisher={Springer}
}

@article{overton1987sampling,
  title={A Sampling and Analysis Plan for Streams in the National Surface Water Survey},
  author={Overton, WS},
  journal={Dept. of Statistics, Oregon State Univ., Corvallis, Oregon},
  year={1987}
}

@article{pantalone2022spbsampling,
  title={Spbsampling: An R Package for Spatially Balanced Sampling},
  author={Pantalone, Francesco and Benedetti, Roberto and Piersimoni, Federica},
  journal={Journal of Statistical Software},
  volume={103},
  pages={1--22},
  year={2022}
}

@article{pebesma2004multivariable,
  title={Multivariable Geostatistics in \proglang{S}: The \pkg{gstat} Package},
  author={Pebesma, Edzer J},
  journal={Computers \& Geosciences},
  volume={30},
  number={7},
  pages={683--691},
  year={2004},
  publisher={Elsevier}
}

@Article{pebesma2018sf,
  author = {Edzer Pebesma},
  title = {{Simple Features for \proglang{R}: Standardized Support for Spatial Vector Data}},
  year = {2018},
  journal = {{The R Journal}},
  doi = {10.32614/RJ-2018-009},
  url = {https://doi.org/10.32614/RJ-2018-009},
  pages = {439--446},
  volume = {10},
  number = {1},
}

@article{pielou1966measurement,
  title={The Measurement of Diversity in Different Types of Biological Collections},
  author={Pielou, Evelyn C},
  journal={Journal of Theoretical Biology},
  volume={13},
  pages={131--144},
  year={1966},
  publisher={Elsevier}
}

@article{piepho2002simple,
  title={A Simple Mixed Model for Trend Analysis in Wildlife Populations},
  author={Piepho, Hans-Peter and Ogutu, Joseph O},
  journal={Journal of Agricultural, Biological, and Environmental Statistics},
  volume={7},
  number={3},
  pages={350--360},
  year={2002},
  publisher={Springer}
}

@Manual{ribeiro2020geoR,
  title = {\pkg{geoR}: Analysis of Geostatistical Data},
  author = {Paulo J. {Ribeiro Jr} and Peter J. Diggle and Martin Schlather and Roger Bivand and Brian Ripley},
  year = {2020},
  note = {\proglang{R} package version 1.8-1},
  url = {https://CRAN.R-project.org/package=geoR},
}

@article{robertson2013bas,
  title={BAS: Balanced Acceptance Sampling of Natural Resources},
  author={Robertson, BL and Brown, JA and McDonald, Trent and Jaksons, Peter},
  journal={Biometrics},
  volume={69},
  number={3},
  pages={776--784},
  year={2013},
  publisher={Wiley Online Library}
}

@article{robertson2018halton,
  title={Halton Iterative Partitioning: Spatially Balanced Sampling via Partitioning},
  author={Robertson, Blair and McDonald, Trent and Price, Chris and Brown, Jennifer},
  journal={Environmental and Ecological Statistics},
  volume={25},
  number={3},
  pages={305--323},
  year={2018},
  publisher={Springer}
}

@book{sarndal2003model,
  title={Model Assisted Survey Sampling},
  author={S{\"a}rndal, Carl-Erik and Swensson, Bengt and Wretman, Jan},
  year={2003},
  publisher={Springer-Verlag}
}

@article{sen1953estimate,
  title={On the Estimate of the Variance in Sampling with Varying Probabilities},
  author={Sen, Amode R},
  journal={Journal of the Indian Society of Agricultural Statistics},
  volume={5},
  number={1194},
  pages={127},
  year={1953}
}

@article{shannon1948mathematical,
  title={A Mathematical Theory of Communication},
  author={Shannon, Claude E},
  journal={The Bell System Technical Journal},
  volume={27},
  number={3},
  pages={379--423},
  year={1948},
  publisher={Nokia Bell Labs}
}

@article{stevens2003variance,
  title={Variance Estimation for Spatially Balanced Samples of Environmental Resources},
  author={Stevens Jr, Don L and Olsen, Anthony R},
  journal={Environmetrics},
  volume={14},
  number={6},
  pages={593--610},
  year={2003},
  publisher={Wiley Online Library}
}

@article{stevens2004grts,
  title={Spatially Balanced Sampling of Natural Resources},
  author={Stevens, Don and Olsen, Anthony},
  journal={Journal of the American Statistical Association},
  volume={99},
  number={465},
  pages={262--278},
  year={2004},
  publisher={Taylor \& Francis}
}

@article{urquhart1999designs,
  title={Designs for Detecting Trend From Repeated Surveys of Ecological Resources},
  author={Urquhart, N Scott and Kincaid, Thomas M},
  journal={Journal of Agricultural, Biological, and Environmental Statistics},
  pages={404--414},
  year={1999},
  publisher={JSTOR}
}

@article{usepa2012NLA,
  title={National Lakes Assessment 2012: Technical Report},
  author={USEPA},
  journal={The Office of Water and The Office of Research and Development, Washington, D.C.},
  pages={EPA841-R-16-114},
  year={2017}
}

@article{van1998constrained,
  title={Constrained Optimization of Spatial Sampling Using Continuous Simulated Annealing},
  author={Van Groenigen, J. W. and Stein, A.},
  journal={The American Society of Agronomy, Crop Science Society of America, and Soil Science Society of America.},
  volume={27},
  number={5},
  pages={1078--1086},
  year={1998},
  publisher={Wiley Online Library}
}

@article{sickle2008assessing,
  title={Assessing the Attributable Risks, Relative Risks, and Regional Extents of Aquatic Stressors},
  author={Van Sickle, John and Paulsen, Steven G},
  journal={Journal of the North American Benthological Society},
  volume={27},
  number={4},
  pages={920--931},
  year={2008}
}

@article{ver2002sampling,
  title={Sampling and Geostatistics for Spatial Data},
  author={Ver Hoef, Jay},
  journal={Ecoscience},
  volume={9},
  number={2},
  pages={152--161},
  year={2002},
  publisher={Taylor \& Francis}
}

@article{wang2012review,
  title={A Review of Spatial Sampling},
  author={Wang, Jin-Feng and Stein, A and Gao, Bin-Bo and Ge, Yong},
  journal={Spatial Statistics},
  volume={2},
  pages={1--14},
  year={2012},
  publisher={Elsevier}
}

@article{walvoort2010r,
  title={An R package for spatial coverage sampling and random sampling from compact geographical strata by k-means},
  author={Walvoort, Dennis JJ and Brus, DJ and De Gruijter, JJ},
  journal={Computers \& geosciences},
  volume={36},
  number={10},
  pages={1261--1267},
  year={2010},
  publisher={Elsevier}
}

@article{wang2013design,
  title={Design-Based Spatial Sampling: Theory and Implementation},
  author={Wang, Jin-Feng and Jiang, Cheng-Sheng and Hu, Mao-Gui and Cao, Zhi-Dong and Guo, Yan-Sha and Li, Lian-Fa and Liu, Tie-Jun and Meng, Bin},
  journal={Environmental Modelling \& Software},
  volume={40},
  pages={280--288},
  year={2013},
  publisher={Elsevier}
}

@article{yates1953selection,
  title={Selection Without Replacement From Within Strata with Probability Proportional to Size},
  author={Yates, Frank and Grundy, P Michael},
  journal={Journal of the Royal Statistical Society B},
  volume={15},
  number={2},
  pages={253--261},
  year={1953},
  publisher={Wiley Online Library}
}

@article{yfantis1987efficiency,
  title={Efficiency of Kriging Estimation for Square, Triangular, and Hexagonal Grids},
  author={Yfantis, Evangelos A and Flatman, George T and Behar, Joseph V},
  journal={Mathematical Geology},
  volume={19},
  number={3},
  pages={183--205},
  year={1987},
  publisher={Springer}
}

@article{zimmerman2006optimal,
  title={Optimal Network Design for Spatial Prediction, Covariance Parameter Estimation, and Empirical Prediction},
  author={Zimmerman, Dale L},
  journal={Environmetrics},
  volume={17},
  number={6},
  pages={635--652},
  year={2006},
  publisher={Wiley Online Library}
}
